@misc{wiki:Sigarettagioco,
	author = {Wikipedia},
	title = {Sigaretta (gioco) - Wikipedia, The Free Encyclopedia},
	year = {2020},
	howpublished = {\url{http://it.wikipedia.org/w/index.php?title=Sigaretta\%20(gioco)&oldid=104339926}},
	note = {(Accessed on 11/26/2020)}
}

@misc{GradleEnterprise:online,
	author = {Gradle Inc.},
	title = {Gradle Enterprise - Improve Build Speed, Reliability and Debugging},
	howpublished = {\url{https://gradle.com/}},
	month = {},
	year = {},
	note = {(Accessed on 12/03/2020)}
}

@misc{VertX:online,
	author = {Eclipse Foundation},
	title = {Eclipse Vert.x},
	howpublished = {\url{https://vertx.io/}},
	month = {},
	year = {},
	note = {(Accessed on 12/20/2020)}
}

@misc{JUnit576:online,
	author = {JUnit 5},
	title = {JUnit 5},
	howpublished = {\url{https://junit.org/junit5/}},
	month = {},
	year = {},
	note = {(Accessed on 12/20/2020)}
}

@misc{React:online,
	author = {Facebook Inc.},
	title = {React - A JavaScript library for building user interfaces},
	howpublished = {\url{https://reactjs.org/}},
	month = {},
	year = {},
	note = {(Accessed on 12/03/2020)}
}

@misc{redux:online,
	author = {Dan Abramov},
	title = {Redux - A predictable state container for JavaScript apps. | Redux},
	howpublished = {\url{https://redux.js.org/}},
	month = {},
	year = {},
	note = {(Accessed on 12/03/2020)}
}

@misc{npm:online,
	author = {Npm Inc.},
	title = {npm | build amazing things},
	howpublished = {\url{https://www.npmjs.com/}},
	month = {},
	year = {},
	note = {(Accessed on 12/03/2020)}
}

@misc{MetodoMo:online,
	author = {Wikipedia},
	title = {Metodo MoSCoW - Wikipedia},
	howpublished = {\url{https://it.wikipedia.org/wiki/Metodo_MoSCoW}},
	month = {},
	year = {},
	note = {(Accessed on 12/03/2020)}
}


@misc{sockjsso96:online,
	author = {brycekahle},
	title = {sockjs/sockjs-client: WebSocket emulation - Javascript client},
	howpublished = {\url{https://github.com/sockjs/sockjs-client}},
	month = {},
	year = {},
	note = {(Accessed on 12/19/2020)}
}

@misc{googlegs79:online,
	author = {Google Inc.},
	title = {google/gson: A Java serialization/deserialization library to convert Java Objects into JSON and back},
	howpublished = {\url{https://github.com/google/gson}},
	month = {},
	year = {},
	note = {(Accessed on 12/19/2020)}
}

@misc{ReduxDev39:online,
	author = {remotedevio},
	title = {Redux DevTools - Chrome Web Store},
	howpublished = {\url{https://chrome.google.com/webstore/detail/redux-devtools/lmhkpmbekcpmknklioeibfkpmmfibljd?hl=it}},
	month = {},
	year = {},
	note = {(Accessed on 12/19/2020)}
}

@misc{ReactNat38:online,
    author = {},
    title = {React Native Development Services Company | Mobile App Development Services | Codeplus Infotech},
    howpublished = {\url{https://www.codeplusinfo.com/technology/react-native/}},
    month = {},
    year = {},
    note = {(Accessed on 12/20/2020)}
}

@misc{nodejs:online,
    author = {OpenJS Foundation},
    title = {Node.js},
    howpublished = {\url{https://nodejs.org/en/}},
    month = {},
    year = {},
    note = {(Accessed on 12/20/2020)}
}

@misc{introduzione_jsx_react,
    author = {Facebook Inc.},
    title = {Introduzione a JSX – React},
    howpublished = {\url{https://it.reactjs.org/docs/introducing-jsx.html}},
    month = {},
    year = {},
    note = {(Accessed on 12/21/2020)}
}

@misc{componente_react,
    author = {Facebook Inc.},
    title = {Componenti e Props – React},
    howpublished = {\url{https://it.reactjs.org/docs/components-and-props.html}},
    month = {},
    year = {},
    note = {(Accessed on 12/21/2020)}
}

@misc{state_e_lifecycle_react,
    author = {facebook Inc.},
    title = {State e Lifecycle – React},
    howpublished = {\url{https://it.reactjs.org/docs/state-and-lifecycle.html}},
    month = {},
    year = {},
    note = {(Accessed on 12/21/2020)}
}

@misc{npmDo:online,
    author = {npm Inc.},
    title = {npm | npm Docs},
    howpublished = {\url{https://docs.npmjs.com/cli/v6/commands/npm}},
    month = {},
    year = {},
    note = {(Accessed on 12/20/2020)}
}

@misc{PrimiPas97:online,
    author = {Facebook Inc.},
    title = {Primi Passi – React},
    howpublished = {\url{https://it.reactjs.org/docs/getting-started.html}},
    month = {},
    year = {},
    note = {(Accessed on 12/20/2020)}
}

@misc{caratteristiche_redux,
    author = {Dan Abramov and the Redux documentation authors},
    title = {Redux - A predictable state container for JavaScript apps. | Redux},
    howpublished = {\url{https://redux.js.org/}},
    month = {},
    year = {},
    note = {(Accessed on 12/21/2020)}
}

@misc{store_redux,
    author = {Dan Abramov and the Redux documentation authors},
    title = {Redux Fundamentals, Part 4: Store | Redux},
    howpublished = {\url{https://redux.js.org/tutorials/fundamentals/part-4-store}},
    month = {},
    year = {},
    note = {(Accessed on 12/21/2020)}
}

@misc{reducer_redux,
    author = {Dan Abramov and the Redux documentation authors},
    title = {Redux Fundamentals, Part 3: State, Actions, and Reducers | Redux},
    howpublished = {\url{https://redux.js.org/tutorials/fundamentals/part-3-state-actions-reducers}},
    month = {},
    year = {},
    note = {(Accessed on 12/21/2020)}
}

@misc{azioni_redux,
    author = {Dan Abramov and the Redux documentation authors},
    title = {Redux Fundamentals, Part 2: Concepts and Data Flow | Redux},
    howpublished = {\url{https://redux.js.org/tutorials/fundamentals/part-2-concepts-data-flow}},
    month = {},
    year = {},
    note = {(Accessed on 12/21/2020)}
}

@misc{toolkit_redux,
    author = {Dan Abramov and the Redux documentation authors},
    title = {Redux Toolkit | Redux Toolkit},
    howpublished = {\url{https://redux-toolkit.js.org/}},
    month = {},
    year = {},
    note = {(Accessed on 12/21/2020)}
}


@misc{JsonObj:online,
    author = {Eclipse Foundation},
    title = {JsonObject (Vert.x Stack - Docs 4.0.1-SNAPSHOT API)},
    howpublished = {\url{https://vertx.io/docs/apidocs/io/vertx/core/json/JsonObject.html}},
    month = {},
    year = {},
    note = {(Accessed on 12/20/2020)}
}

@misc{JsonArr:online,
    author = {Eclipse Foundation},
    title = {JsonArray (Vert.x Stack - Docs 4.0.1-SNAPSHOT API)},
    howpublished = {\url{https://vertx.io/docs/apidocs/io/vertx/core/json/JsonArray.html}},
    month = {},
    year = {},
    note = {(Accessed on 12/20/2020)}
}

@misc{gsonIniz52:online,
    author = {riptutorial.com},
    title = {gson - Iniziare con Gson | gson Tutorial},
    howpublished = {\url{https://riptutorial.com/it/gson}},
    month = {},
    year = {},
    note = {(Accessed on 12/20/2020)}
}

@misc{vertx3ve91:online,
    author = {Apache-2.0 License},
    title = {vert-x3/vertx-starter: Home of the Vert.x Starter},
    howpublished = {\url{https://github.com/vert-x3/vertx-starter}},
    month = {},
    year = {},
    note = {(Accessed on 12/20/2020)}
}

@misc{GitHubso32:online,
    author = {GitHub - sockjs},
    title = {GitHub - sockjs/sockjs-client: WebSocket emulation - Javascript client},
    howpublished = {\url{https://github.com/sockjs/sockjs-client}},
    month = {},
    year = {},
    note = {(Accessed on 12/20/2020)}
}

@misc{ReduxDev96:online,
    author = {},
    title = {Redux DevTools - Chrome Web Store},
    howpublished = {\url{https://chrome.google.com/webstore/detail/redux-devtools/lmhkpmbekcpmknklioeibfkpmmfibljd?hl=it}},
    month = {},
    year = {},
    note = {(Accessed on 12/20/2020)}
}

@misc{zalmoxis63:online,
    author = {},
    title = {zalmoxisus/redux-devtools-extension: Redux DevTools extension.},
    howpublished = {\url{https://github.com/zalmoxisus/redux-devtools-extension}},
    month = {},
    year = {},
    note = {(Accessed on 12/20/2020)}
}
